<record><leader>00000cas a22000007a 4500</leader><controlfield tag="001">21359995</controlfield><controlfield tag="008">900411d19141922mouwr ne      0    0eng d</controlfield><datafield ind1=" " ind2=" " tag="010"><subfield code="a">sn 90061414 </subfield></datafield><datafield ind1=" " ind2=" " tag="040"><subfield code="a">MQN</subfield><subfield code="b">eng</subfield><subfield code="c">MQN</subfield><subfield code="d">OCLCQ</subfield></datafield><datafield ind1=" " ind2=" " tag="042"><subfield code="a">msc</subfield></datafield><datafield ind1="0" ind2="4" tag="245"><subfield code="a">The Phelps County record.</subfield></datafield><datafield ind1=" " ind2=" " tag="260"><subfield code="a">Newburg, Phelps County, Mo. :</subfield><subfield code="b">C.A. Haney,</subfield><subfield code="c">1914-1922.</subfield></datafield><datafield ind1=" " ind2=" " tag="300"><subfield code="a">v.</subfield></datafield><datafield ind1=" " ind2=" " tag="310"><subfield code="a">Weekly</subfield></datafield><datafield ind1="0" ind2=" " tag="362"><subfield code="a">Vol. 1, no. 1 (Jan. 30, 1914)-v. 8, no. 43 (June 29, 1922).</subfield></datafield><datafield ind1=" " ind2=" " tag="752"><subfield code="a">United States</subfield><subfield code="b">Missouri</subfield><subfield code="c">Phelps</subfield><subfield code="d">Newburg.</subfield></datafield><datafield ind1="0" ind2="0" tag="785"><subfield code="t">Newburg record</subfield><subfield code="w">(DLC)sn 90061415</subfield></datafield></record>